<record><leader>00000cas a2200000 a 4500</leader><controlfield tag="001">6794666</controlfield><controlfield tag="008">801006d18471849tnuwr ne      0    0eng d</controlfield><datafield ind1=" " ind2=" " tag="010"><subfield code="a">sn 84024447 </subfield></datafield><datafield ind1=" " ind2=" " tag="040"><subfield code="a">TNS</subfield><subfield code="b">eng</subfield><subfield code="c">TNS</subfield><subfield code="d">NPV</subfield><subfield code="d">NPX</subfield><subfield code="d">TGN</subfield><subfield code="d">OCL</subfield><subfield code="d">TGN</subfield><subfield code="d">OCL</subfield><subfield code="d">TGN</subfield><subfield code="d">OCLCF</subfield><subfield code="d">OCLCO</subfield><subfield code="d">OCL</subfield></datafield><datafield ind1=" " ind2=" " tag="042"><subfield code="a">msc</subfield></datafield><datafield ind1=" " ind2=" " tag="090"><subfield code="a">JK2334.N2</subfield><subfield code="b">P64</subfield></datafield><datafield ind1="0" ind2="4" tag="245"><subfield code="a">The Politician and weekly Nashville Whig.</subfield></datafield><datafield ind1=" " ind2=" " tag="260"><subfield code="a">Nashville [Tenn.] :</subfield><subfield code="b">B.R. McKennie &amp; Co.,</subfield><subfield code="c">1847-1849.</subfield></datafield><datafield ind1=" " ind2=" " tag="300"><subfield code="a">v. ;</subfield><subfield code="c">33 cm.</subfield></datafield><datafield ind1="0" ind2=" " tag="362"><subfield code="a">Vol. 3, no. 1 (Apr. 16, 1847)-v. 4, no. 52 (Mar. 30, 1849).</subfield></datafield><datafield ind1=" " ind2=" " tag="500"><subfield code="a">Publishers: B.R. McKennie &amp; Co., 1847; B.R. McKennie, 1847-1849; W. F. Bang &amp; Co., 1849.</subfield></datafield><datafield ind1=" " ind2=" " tag="500"><subfield code="a">Editor: Allen A. Hall, 1847-1849.</subfield></datafield><datafield ind1=" " ind2=" " tag="580"><subfield code="a">Split into: Politician and weekly banner and Whig, and: Nashville true Whig and weekly commercial register.</subfield></datafield><datafield ind1="2" ind2="0" tag="610"><subfield code="a">Whig Party (U.S.)</subfield></datafield><datafield ind1=" " ind2="0" tag="651"><subfield code="a">Tennessee</subfield><subfield code="x">Politics and government</subfield><subfield code="y">To 1865.</subfield></datafield><datafield ind1=" " ind2="0" tag="651"><subfield code="a">Nashville (Tenn.)</subfield><subfield code="v">Newspapers.</subfield></datafield><datafield ind1=" " ind2="0" tag="651"><subfield code="a">Davidson County (Tenn.)</subfield><subfield code="v">Newspapers.</subfield></datafield><datafield ind1="2" ind2="7" tag="610"><subfield code="a">Whig Party (U.S.)</subfield><subfield code="2">fast</subfield><subfield code="0">(OCoLC)fst00513177</subfield></datafield><datafield ind1=" " ind2="7" tag="650"><subfield code="a">Politics and government</subfield><subfield code="2">fast</subfield><subfield code="0">(OCoLC)fst01919741</subfield></datafield><datafield ind1=" " ind2="7" tag="651"><subfield code="a">Tennessee.</subfield><subfield code="2">fast</subfield><subfield code="0">(OCoLC)fst01205353</subfield></datafield><datafield ind1=" " ind2="7" tag="651"><subfield code="a">Tennessee</subfield><subfield code="z">Davidson County.</subfield><subfield code="2">fast</subfield><subfield code="0">(OCoLC)fst01205346</subfield></datafield><datafield ind1=" " ind2="7" tag="651"><subfield code="a">Tennessee</subfield><subfield code="z">Nashville.</subfield><subfield code="2">fast</subfield><subfield code="0">(OCoLC)fst01204195</subfield></datafield><datafield ind1=" " ind2="7" tag="648"><subfield code="a">To 1865</subfield><subfield code="2">fast</subfield></datafield><datafield ind1=" " ind2="7" tag="655"><subfield code="a">Newspapers.</subfield><subfield code="2">fast</subfield><subfield code="0">(OCoLC)fst01423814</subfield></datafield><datafield ind1=" " ind2=" " tag="752"><subfield code="a">United States</subfield><subfield code="b">Tennessee</subfield><subfield code="c">Davidson</subfield><subfield code="d">Nashville.</subfield></datafield><datafield ind1="0" ind2=" " tag="775"><subfield code="t">Nashville Whig (Nashville, Tenn. : 1838 : Triweekly)</subfield><subfield code="w">(DLC)sn 86071273</subfield></datafield><datafield ind1="0" ind2=" " tag="775"><subfield code="t">Nashville Whig (Nashville, Tenn. : 1838 : Daily) sn 86071272</subfield></datafield><datafield ind1="0" ind2="0" tag="780"><subfield code="t">Politician (Nashville, Tenn.)</subfield><subfield code="w">(DLC)sn 84024446</subfield></datafield><datafield ind1="1" ind2="6" tag="785"><subfield code="t">Politician and weekly banner &amp; Whig</subfield><subfield code="w">(DLC)sn 96091602</subfield></datafield><datafield ind1="1" ind2="6" tag="785"><subfield code="t">Nashville true Whig and weekly commercial register</subfield><subfield code="w">(DLC)sn 84024445</subfield></datafield><datafield ind1=" " ind2=" " tag="936"><subfield code="a">v. 3; Apr. 16, 1847-Mar. 31, 1848</subfield></datafield><datafield ind1="1" ind2=" " tag="029"><subfield code="a">AU@</subfield><subfield code="b">000020119676</subfield></datafield></record>